<?xml version="1.0" encoding="UTF-8"?><collection xmlns="http://www.loc.gov/MARC21/slim"><record><leader>00420nam--2200145-i-4500</leader><controlfield tag="001">000015662</controlfield><controlfield tag="002">20161230</controlfield><controlfield tag="005">20161230201031</controlfield><controlfield tag="008">060222s1000------------r-----000-0-eng-d</controlfield><datafield ind1=" " ind2=" " tag="080"><subfield code="a">620.179.1:621.039.53(047.1)</subfield></datafield><datafield ind1=" " ind2=" " tag="245"><subfield code="a">Biennial activity report of metallurgy progra mme -1983 and 1984</subfield></datafield><datafield ind1=" " ind2=" " tag="260"><subfield code="a">Kalpakkam,Department Of Atomic Energy,1984. 361p</subfield></datafield><datafield ind1=" " ind2=" " tag="490"><subfield code="a">Igcar</subfield></datafield><datafield ind1=" " ind2=" " tag="700"><subfield code="a">Sreedharan,O.M./S.A.</subfield></datafield><datafield ind1=" " ind2=" " tag="852"><subfield code="a">73303</subfield></datafield></record></collection>